<?xml version="1.0" encoding="UTF-8"?><collection><record><leader>06112ntm a2200577 a 4500</leader><controlfield tag="001">006814127</controlfield><controlfield tag="003">MiAaHDL</controlfield><controlfield tag="005">20190719000000.0</controlfield><controlfield tag="006">m        d        </controlfield><controlfield tag="007">cr bn ---auaua</controlfield><controlfield tag="008">090608q15701620xx            00| ||per d</controlfield><datafield tag="035" ind1=" " ind2=" "><subfield code="a">(MiU)006814127</subfield></datafield><datafield tag="035" ind1=" " ind2=" "><subfield code="a">sdr-miu006814127</subfield></datafield><datafield tag="040" ind1=" " ind2=" "><subfield code="a">MiU</subfield><subfield code="c">MiU</subfield><subfield code="e">amremm</subfield></datafield><datafield tag="043" ind1=" " ind2=" "><subfield code="a">n-us-mi</subfield></datafield><datafield tag="100" ind1="0" ind2=" "><subfield code="6">880-01</subfield><subfield code="a">Ḥāfiẓ,</subfield><subfield code="d">active 14th century.</subfield></datafield><datafield tag="240" ind1="1" ind2="0"><subfield code="6">880-02</subfield><subfield code="a">Dīvān</subfield></datafield><datafield tag="245" ind1="1" ind2="0"><subfield code="6">880-03</subfield><subfield code="a">Dīvān-i Khvājah Ḥāfiẓ-i Shīrāzī,</subfield><subfield code="f">[late 16th or early 17th century?].</subfield></datafield><datafield tag="246" ind1="3" ind2=" "><subfield code="a">ديوان خواجه حافظ</subfield></datafield><datafield tag="246" ind1="3" ind2=" "><subfield code="a">ديوان خواجه حافظ شيرازى</subfield></datafield><datafield tag="246" ind1="3" ind2=" "><subfield code="6">880-04</subfield><subfield code="i">Title from inscription on 'title page' (p.1):</subfield><subfield code="a">دیوان خواجه حافظ</subfield></datafield><datafield tag="260" ind1=" " ind2=" "><subfield code="c">[1570-1620?].</subfield></datafield><datafield tag="300" ind1=" " ind2=" "><subfield code="a">159 leaves :</subfield><subfield code="b">paper ;</subfield><subfield code="c">228 x 140 (173 x 86) mm.</subfield></datafield><datafield tag="500" ind1=" " ind2=" "><subfield code="a">Shelfmark: Ann Arbor, University of Michigan, Special Collections Library, Isl. Ms. 319</subfield></datafield><datafield tag="500" ind1=" " ind2=" "><subfield code="a">Origin: Lacks dated colophon ; decoration, etc. suggest late 16th or early 17th century.</subfield></datafield><datafield tag="500" ind1=" " ind2=" "><subfield code="a">Former shelfmark: "82 T. De M. [i.e. Tammaro De Marinis]" inscribed in pencil on upper board lining.</subfield></datafield><datafield tag="500" ind1=" " ind2=" "><subfield code="a">Binding: Pasteboards covered in black leather (pebbled quality of shagreen) ; Type III binding (without flap), possibly two-piece; board linings (pastedowns) in light pink-tinted laid paper, flyleaves in gold-flecked pink-tinted laid paper ; upper and lower covers carry stamped and gold-painted scalloped mandorla (filled with vegetal composition surrounding two seated gazelles, recessed inlay) with pendants and gold-painted accents and borders ; sewn in light yellow thread, two stations ; worked chevron endbands in pale yellow and pale pink [?], tailband almost gone, headband damaged ; overall in somewhat poor condition with abrasion, staining, delamination of boards, lifting and losses of leather (inlay of upper mandorla), etc. ; edging (repair) in quite dark brown to black leather.</subfield></datafield><datafield tag="500" ind1=" " ind2=" "><subfield code="a">Support: non-European (likely Persian or Indian) laid paper with 9 laid lines per cm. (horizontal) and no chain lines visible, sturdy though thin and transluscent, well-burnished ; repair to opening leaf / 'title page' in European laid paper with coat of arms watermark (consisting of cross flanked by lions above two circles).</subfield></datafield><datafield tag="500" ind1=" " ind2=" "><subfield code="a">Decoration: Splendidly executed illuminated headpiece (ʻunwān / sarlawḥ) at opening on p.2 consisting of large rectangular piece with gold cartouche carrying the title in white ( "ديوان خواجه حافظ شيرازى" ) surrounded by swirling arabesque with floral accents in red, yellow, white, pink, light blue, red-orange, etc. on fields of blue (lapis lazuli) and gold (approaching lapis lazuli) with red border, surmounted by tall (vertically elongated) scalloped w-shaped piece filled with same manner of swirling arabesque with floral accents (carnation, etc.) in green, yellow, white, light pink, light blue, and red-orange on fields of blue (lapis lazuli) and gold, itself set into a well of red ; incipit and facing page carry finely executed illuminated marginal decoration in the form of swirling vegetal composition with large serrated sāz leaves and floral motifs in gold with blue and red accents ; written area throughout surrounded by a frame of gold bands defined by black fillets and outer blue and red rules ; text of incipit and facing page set off with gold cloud-bands ; occasional floral accents in green, red, white, light pink, gold etc. appear occasionally between sections of text.</subfield></datafield><datafield tag="500" ind1=" " ind2=" "><subfield code="a">Script: Nastaʻlīq ; elegant hand ; serifless, with effect of words descending to baseline, closed counters, elongated horizontal strokes, somewhat exaggerated contrast in thickness of horizontal and vertical strokes.</subfield></datafield><datafield tag="500" ind1=" " ind2=" "><subfield code="a">Layout: Written in 16 lines per page ; written area often divided to two columns to set-off poetry ; frame-ruled.</subfield></datafield><datafield tag="500" ind1=" " ind2=" "><subfield code="a">Collation: i, III+3 (9), 10 IV(89), 2 III(101), 4 IV(133), III (139), IV (147), III (153), III-2 (157), I (159), i ; chiefly quaternions ; catchwords present (though often cut off) ; pagination in pencil, Western numerals, supplied during digitization (skips two pages between pp.5-6).</subfield></datafield><datafield tag="500" ind1=" " ind2=" "><subfield code="a">Explicit: "گفتی که تو را شوم مدار اندیشه دل خوش کن و بر صبر گمار اندیشه کو صبر و چه دل انچه دلش میخوانی یك قطره خونست و هزار اندیشه تمت الکتاب"</subfield></datafield><datafield tag="500" ind1=" " ind2=" "><subfield code="a">Incipit: "الا یا ایها الساقی ادر کاسا و ناولها که عشق آسان نمود اول ولی افتاد مشکلها ..."</subfield></datafield><datafield tag="500" ind1=" " ind2=" "><subfield code="a">Title from illuminated headpiece at opening on p.2.</subfield></datafield><datafield tag="500" ind1=" " ind2=" "><subfield code="a">Ms. codex.</subfield></datafield><datafield tag="510" ind1="4" ind2=" "><subfield code="a">Cat. Pers. MSS. Brit. Mus.,</subfield><subfield code="c">p.627 ff.</subfield></datafield><datafield tag="520" ind1="8" ind2=" "><subfield code="a">Elegant copy of the Dīvān of the masterful poet Ḥāfiẓ (Khvājah Shams al-Dīn Muḥammad Shīrāzī, d.1390?).</subfield></datafield><datafield tag="538" ind1=" " ind2=" "><subfield code="a">Mode of access: Internet.</subfield></datafield><datafield tag="541" ind1=" " ind2=" "><subfield code="c">Purchase ;</subfield><subfield code="a">Acquired by purchase (funds donated by Horace Rackham).</subfield><subfield code="d">1924.</subfield></datafield><datafield tag="546" ind1=" " ind2=" "><subfield code="a">Persian.</subfield></datafield><datafield tag="561" ind1=" " ind2=" "><subfield code="a">Inscription in pencil on upper board lining "82 T. De M. [i.e. Tammaro De Marinis]" ; on 'title page' (p.1) poetic statement entered by al-Sayyid Muḥammad Saʻīd ʻAbd al-Qadīr [?] ( السيد محمد سعيد عبد القدير ) and seal impression in name of al-Sayyid Muḥammad ʻIlmī [ʻAlamī ?] ( السيد محمد علمى ) dated 1281 [?] [1864 or 5] ; relatively clean copy.</subfield></datafield><datafield tag="650" ind1=" " ind2="0"><subfield code="a">Manuscripts, Persian</subfield><subfield code="z">Michigan</subfield><subfield code="z">Ann Arbor.</subfield></datafield><datafield tag="650" ind1=" " ind2="0"><subfield code="a">Persian poetry</subfield><subfield code="y">747-1500.</subfield></datafield><datafield tag="655" ind1=" " ind2="7"><subfield code="a">Headpieces (layout features)</subfield><subfield code="y">16th century.</subfield><subfield code="2">aat</subfield></datafield><datafield tag="700" ind1="0" ind2=" "><subfield code="a">Abdülhamid</subfield><subfield code="b">II,</subfield><subfield code="c">Sultan of the Turks,</subfield><subfield code="d">1842-1918,</subfield><subfield code="e">former owner.</subfield></datafield><datafield tag="773" ind1="0" ind2=" "><subfield code="a">Abdul Hamid Collection.</subfield></datafield><datafield tag="880" ind1="3" ind2=" "><subfield code="6">246-04/</subfield><subfield code="a">Dīvān-i Khvājah Ḥāfiẓ</subfield></datafield><datafield tag="880" ind1="1" ind2="0"><subfield code="6">245-03/</subfield><subfield code="a">دیوان خواجه حافظ شیرازى,</subfield><subfield code="f">[پایان قرن 16 یا آغاز قرن 17م؟].</subfield></datafield><datafield tag="880" ind1="1" ind2="0"><subfield code="6">240-02/</subfield><subfield code="a">ديوان</subfield></datafield><datafield tag="880" ind1="0" ind2=" "><subfield code="6">100-01/</subfield><subfield code="a">حافظ.</subfield></datafield><datafield tag="CID" ind1=" " ind2=" "><subfield code="a">006814127</subfield></datafield><datafield tag="DAT" ind1="0" ind2=" "><subfield code="a">20190719102638.0</subfield><subfield code="b">20190719000000.0</subfield></datafield><datafield tag="DAT" ind1="1" ind2=" "><subfield code="a">20190719090653.0</subfield><subfield code="b">2019-07-19T16:11:48Z</subfield></datafield><datafield tag="DAT" ind1="2" ind2=" "><subfield code="a">2015-10-02T18:00:03Z</subfield></datafield><datafield tag="CAT" ind1=" " ind2=" "><subfield code="a">SDR-MIU</subfield><subfield code="d">EX LIBRIS - ALEPH</subfield><subfield code="l">prepare.pl-004-008</subfield></datafield><datafield tag="FMT" ind1=" " ind2=" "><subfield code="a">BK</subfield></datafield><datafield tag="HOL" ind1=" " ind2=" "><subfield code="0">sdr-miu006814127</subfield><subfield code="a">MiU</subfield><subfield code="b">SDR</subfield><subfield code="c">MIU</subfield><subfield code="p">mdp.39015079128834</subfield><subfield code="s">MIU</subfield><subfield code="1">006814127</subfield></datafield><datafield tag="974" ind1=" " ind2=" "><subfield code="b">MIU</subfield><subfield code="c">MIU</subfield><subfield code="d">20190719</subfield><subfield code="s">lit-dlps-dc</subfield><subfield code="u">mdp.39015079128834</subfield><subfield code="y">1620</subfield><subfield code="r">pd</subfield><subfield code="q">bib</subfield><subfield code="t">non-US bib date2 &lt; 1896</subfield></datafield></record></collection>